<record><leader>00000cas a22000007a 4500</leader><controlfield tag="001">34916096</controlfield><controlfield tag="008">960612d19741975caucr ne      0    0eng d</controlfield><datafield ind1=" " ind2=" " tag="010"><subfield code="a">sn 96062756 </subfield></datafield><datafield ind1=" " ind2=" " tag="040"><subfield code="a">CNK</subfield><subfield code="b">eng</subfield><subfield code="c">CNK</subfield><subfield code="d">OCLCQ</subfield><subfield code="d">OCLCF</subfield><subfield code="d">OCLCO</subfield></datafield><datafield ind1="1" ind2=" " tag="029"><subfield code="a">AU@</subfield><subfield code="b">000012570367</subfield></datafield><datafield ind1=" " ind2=" " tag="042"><subfield code="a">msc</subfield></datafield><datafield ind1=" " ind2=" " tag="043"><subfield code="a">n-us-ca</subfield></datafield><datafield ind1="0" ind2="0" tag="245"><subfield code="a">Orange County call-enterprise.</subfield></datafield><datafield ind1="3" ind2=" " tag="246"><subfield code="a">Call enterprise</subfield></datafield><datafield ind1="1" ind2="7" tag="246"><subfield code="a">Herald American and call-enterprise</subfield></datafield><datafield ind1="3" ind2=" " tag="246"><subfield code="a">Orange County Buena Park-Cypress-La Palma call-enterprise</subfield><subfield code="f">Jan. 30-June 16, 1974</subfield></datafield><datafield ind1="3" ind2=" " tag="246"><subfield code="a">Orange County Cypress-La Palma call-enterprise</subfield><subfield code="f">June 23, 1974</subfield></datafield><datafield ind1="3" ind2=" " tag="246"><subfield code="a">Orange County Buena Park call-enterprise</subfield><subfield code="f">June 27-Aug. 22, 1974</subfield></datafield><datafield ind1="3" ind2=" " tag="246"><subfield code="a">Orange County Cypress-La Palma-Buena Park call-enterprise</subfield><subfield code="f">Aug. 25, 1974-May 11, 1975</subfield></datafield><datafield ind1=" " ind2=" " tag="260"><subfield code="a">Buena Park, Calif. :</subfield><subfield code="b">Charles Aydelotte</subfield></datafield><datafield ind1=" " ind2=" " tag="300"><subfield code="a">v.</subfield></datafield><datafield ind1=" " ind2=" " tag="310"><subfield code="a">Semiweekly</subfield></datafield><datafield ind1="0" ind2=" " tag="362"><subfield code="a">8th year, issue 9 (Jan. 30, 1974)-9th year, issue 38 (May 11, 1975).</subfield></datafield><datafield ind1=" " ind2=" " tag="500"><subfield code="a">"Orange County" appears in small type above "Call-Enterprise." Various city names appear to the right of "Orange County."</subfield></datafield><datafield ind1=" " ind2=" " tag="580"><subfield code="a">Published in several local editions.</subfield></datafield><datafield ind1=" " ind2="0" tag="651"><subfield code="a">Buena Park (Calif.)</subfield><subfield code="v">Newspapers.</subfield></datafield><datafield ind1=" " ind2="0" tag="651"><subfield code="a">Cypress (Calif.)</subfield><subfield code="v">Newspapers.</subfield></datafield><datafield ind1=" " ind2="0" tag="651"><subfield code="a">La Palma (Calif.)</subfield><subfield code="v">Newspapers.</subfield></datafield><datafield ind1=" " ind2="7" tag="655"><subfield code="a">Newspapers.</subfield><subfield code="2">fast</subfield><subfield code="0">(OCoLC)fst01423814</subfield></datafield><datafield ind1=" " ind2="7" tag="651"><subfield code="a">California</subfield><subfield code="z">Buena Park.</subfield><subfield code="2">fast</subfield><subfield code="0">(OCoLC)fst01217483</subfield></datafield><datafield ind1=" " ind2="7" tag="651"><subfield code="a">California</subfield><subfield code="z">Cypress.</subfield><subfield code="2">fast</subfield><subfield code="0">(OCoLC)fst01221032</subfield></datafield><datafield ind1=" " ind2="7" tag="651"><subfield code="a">California</subfield><subfield code="z">La Palma.</subfield><subfield code="2">fast</subfield><subfield code="0">(OCoLC)fst01296402</subfield></datafield><datafield ind1=" " ind2=" " tag="752"><subfield code="a">United States</subfield><subfield code="b">California</subfield><subfield code="c">Orange</subfield><subfield code="d">Buena Park.</subfield></datafield><datafield ind1="0" ind2="4" tag="780"><subfield code="t">Orange County Buena Park call-enterprise</subfield><subfield code="w">(DLC)sn 96062754</subfield></datafield><datafield ind1="0" ind2="4" tag="780"><subfield code="t">Orange County Cypress-La Palma call-enterprise</subfield><subfield code="w">(DLC)sn 96062755</subfield></datafield><datafield ind1="0" ind2="6" tag="785"><subfield code="t">Cypress-La Palma herald American</subfield><subfield code="w">(DLC)sn 96062757</subfield></datafield><datafield ind1="0" ind2="6" tag="785"><subfield code="t">Buena Park herald American</subfield><subfield code="w">(DLC)sn 96062758</subfield></datafield></record>